<?xml version='1.0' encoding='UTF-8'?>
<record xmlns="http://www.loc.gov/MARC21/slim">
  <leader>04968cam a2200445 a 4500</leader>
  <controlfield tag="001">1135618</controlfield>
  <controlfield tag="003">NjP</controlfield>
  <controlfield tag="005">20170605125952.0</controlfield>
  <controlfield tag="008">950602s1895    ua a          000 0 ara d</controlfield>
  <datafield tag="024" ind1="7" ind2=" ">
    <subfield code="a">princeton_aco002508</subfield>
    <subfield code="2">local</subfield>
  </datafield>
  <datafield ind1=" " ind2=" " tag="035">
    <subfield code="a">(OCoLC)ocn176681102</subfield>
  </datafield>
  <datafield ind1=" " ind2=" " tag="035">
    <subfield code="a">(OCoLC)176681102</subfield>
  </datafield>
  <datafield ind1=" " ind2=" " tag="035">
    <subfield code="a">(CStRLIN)NJPG95-B34291</subfield>
  </datafield>
  <datafield ind1=" " ind2=" " tag="035">
    <subfield code="9">CCN3128TS</subfield>
  </datafield>
  <datafield ind1=" " ind2=" " tag="035">
    <subfield code="a">(NjP)1135618</subfield>
  </datafield>
  <datafield ind1=" " ind2=" " tag="040">
    <subfield code="a">NjP</subfield>
    <subfield code="c">PUL</subfield>
    <subfield code="d">PUL</subfield>
  </datafield>
  <datafield ind1=" " ind2=" " tag="049">
    <subfield code="a">PULL</subfield>
  </datafield>
  <datafield ind1=" " ind2=" " tag="079">
    <subfield code="a">ocm36849285</subfield>
  </datafield>
  <datafield ind1="1" ind2=" " tag="100">
    <subfield code="6">880-01</subfield>
    <subfield code="a">Ibn al-Wardī, Zayn al-Dīn ʻUmar ibn al-Muẓaffar,</subfield>
    <subfield code="d">-1349.</subfield>
    <subfield code="0">http://id.loc.gov/authorities/names/n88250340</subfield>
  </datafield>
  <datafield ind1="1" ind2="0" tag="240">
    <subfield code="a">Kharīdat al-ʻajāʼib wa-farīdat al-gharāʼib</subfield>
  </datafield>
  <datafield ind1="1" ind2="0" tag="245">
    <subfield code="a">Hādhā Kitāb Kharīdat al-ʻajāʼib wa-farīdat al-gharāʼib al-jāmiʻ li-mā huwa li-ṭarf al-dahr ḥawar wa-li-jīd al-zamān ʻiqd durar /</subfield>
    <subfield code="c">li-muʼallifihi Sirāj al-Dīn Abī Ḥafṣ ʻUmar ibn al-Wardī.</subfield>
  </datafield>
  <datafield ind1="3" ind2=" " tag="246">
    <subfield code="a">Kitāb Kharīdat al-ʻajāʼib wa-farīdat al-gharāʼib al-jāmiʻ li-mā huwa li-ṭarf al-dahr ḥawar wa-li-jīd al-zamān ʻiqd durar</subfield>
  </datafield>
  <datafield ind1="3" ind2=" " tag="246">
    <subfield code="6">880-02</subfield>
    <subfield code="a">Kharīdat al-ʻajāʼib wa-farīdat al-gharāʼib</subfield>
  </datafield>
  <datafield ind1=" " ind2=" " tag="260">
    <subfield code="6">880-03</subfield>
    <subfield code="a">al-Qāhirah :</subfield>
    <subfield code="b">ʻAbd Allāh al-Shāmī,</subfield>
    <subfield code="c">1276 [1859]</subfield>
  </datafield>
  <datafield ind1=" " ind2=" " tag="300">
    <subfield code="a">268 p. :</subfield>
    <subfield code="b">ill. ;</subfield>
    <subfield code="c">23 cm.</subfield>
  </datafield>
  <datafield ind1=" " ind2=" " tag="500">
    <subfield code="6">880-04</subfield>
    <subfield code="a">"Dhakara fīhi al-aqṭār wa-al-buldān wa-al-biḥār wa-al-khiljān wa-al-jazāʼir wa-al-āthār wa-ʻajāʼib al-iʻtibār wa-shāhir al-anhār wa-al-jibāl al-shawāhiq al-kibār wa-al-aḥjār wa-al-maʻādin wa-al-jawāhir wa-al-nabātāt wa-al-fawākih wa-al-ḥubūb wa-al-buqūl wa-al-budhūr wa-al-ḥayawānāt wa-khawāṣṣ jamīʻ al-madhkūrāt wa-dhakara fīhi ayḍan al-malāḥim wa-al-maʻārik wa-al-ḥikāyāt al-gharībat al-mithāl, wa-khatama hādhā al-kitāb bi-dhikr ʻalāmāt al-sāʻah, maʻa fuṣūl tataʻallaqu bi-hā."</subfield>
  </datafield>
  <datafield ind1=" " ind2=" " tag="590">
    <subfield code="6">880-05</subfield>
    <subfield code="a">Princeton copy bound with: Kitāb Nihāyat al-arab fī akhbār al-ʻArab / taʼlīf Iskandar Abkāriyūs al-Armanī. Marsīliyah : Maṭbaʻat al-Faʻalah, 1852. Hādhā Kitāb Ḥuṣn al-ḥaṣīn min kalām Sayyid al-Mursalīn / li-Muḥammad ibn al-Jazarī. [S.l.] : Aḥmad Afandī al-Azharī, 1279 [1862]. Hādhā Kitāb Faḍāʼil shahr Ramaḍān / lil-Shaykh al-Ujhūrī. al-Qāhirah : Maṭbaʻat al-Ḥurūf, 1277 [1861]. Hādhihi Ḥāshiyat Faḍāʼil al-Ujhūrī / li-Ibrāhīm al-Saqqā. [Cairo] : ʻAlī al-Baqlī, [1861?].</subfield>
  </datafield>
  <datafield ind1=" " ind2=" " tag="590">
    <subfield code="a">Princeton copy bound with: Kitāb Nihāyat al-arab fī akhbār al-ʻArab / taʼlīf Iskandar Abkāriyūs al-Armanī. Marsīliyah : Maṭbaʻat al-Faʻalah, 1852. Hādhā Kitāb Ḥuṣn al-ḥaṣīn min kalām Sayyid al-Mursalīn / li-Muḥammad ibn al-Jazarī. [S.l.] : Aḥmad Afandī al-Azharī, 1279 [1862]. Hādhā Kitāb Faḍāʼil shahr Ramaḍān / lil-Shaykh al-Ujhūrī. al-Qāhirah : Maṭbaʻat al-Ḥurūf, 1277 [1861]. Hādhihi Ḥāshiyat Faḍāʼil al-Ujhūrī / li-Ibrāhīm al-Saqqā. [Cairo] : ʻAlī al-Baqlī, [1861?].</subfield>
  </datafield>
  <datafield ind1=" " ind2="0" tag="650">
    <subfield code="a">Geography, Medieval</subfield>
    <subfield code="x">Early works to 1800.</subfield>
  </datafield>
  <datafield ind1=" " ind2="0" tag="650">
    <subfield code="a">Geography, Arab</subfield>
    <subfield code="x">Early works to 1800.</subfield>
  </datafield>
  <datafield ind1="1" ind2=" " tag="880">
    <subfield code="6">100-01/r</subfield>
    <subfield code="a">ابن الوردي، زين الدين عمر بن المظفر،</subfield>
    <subfield code="d">-1349.</subfield>
  </datafield>
  <datafield ind1="3" ind2=" " tag="880">
    <subfield code="6">246-02/r</subfield>
    <subfield code="a">خريدة العجائب وفريدة الغرائب</subfield>
  </datafield>
  <datafield ind1=" " ind2=" " tag="880">
    <subfield code="6">260-03/r</subfield>
    <subfield code="a">القاهرة :</subfield>
    <subfield code="b">عبد الله الشامي،</subfield>
    <subfield code="c">1276 [1859]</subfield>
  </datafield>
  <datafield ind1=" " ind2=" " tag="880">
    <subfield code="6">500-04/r</subfield>
    <subfield code="a">"ذكر فيه الاقطار والبلدان والبحار والخلجان والجزائر والآثار وعجائب الاعتبار وشاهر الانهار والجبال الشواهق الكبار والاحجار والمعادن والجواهر والنباتات والفواكه والحبوب والبقول والبذور والحيوانات وخواص جميع المذكورات وذكر فيه ايضن الملاحم والمعارك والحكايات الغريبة المثال، وختم هذه الكتاب بذكر علامات الساعة، مع فصول تتعلق بها."</subfield>
  </datafield>
  <datafield ind1=" " ind2=" " tag="880">
    <subfield code="6">590-05/r</subfield>
    <subfield code="a">Princeton copy bound with:: كتاب نهاية الارب في اخبار العرب / تأليف اسكندر ابكاريوس الارمني. مرسيلية : مطبعة الفعلة، 1852. هذا كتاب حصن الحصين من كلام سيد المرسلين / لمحمد بن الجزري. [S.l.] : احمد افندي الاچري، 1279 [1862]. هذا كتاب فضائل شهر رمضان / للشيخ الاجهوري. القاهرة : مطبعة الحروف، 1277 [1861]. هاذه حاشية فضائل الاجهوري / لابراهيم السقا. [القاهرة] : علي البقلي، [1861؟].</subfield>
  </datafield>
  <datafield ind1=" " ind2=" " tag="998">
    <subfield code="a">04/23/97</subfield>
    <subfield code="s">9114</subfield>
    <subfield code="n">NjP</subfield>
    <subfield code="w">NJPG95B34291</subfield>
    <subfield code="d">06/02/95</subfield>
    <subfield code="c">AAH</subfield>
    <subfield code="b">KC</subfield>
    <subfield code="i">970423</subfield>
    <subfield code="l">NJPG</subfield>
  </datafield>
  <datafield ind1=" " ind2=" " tag="948">
    <subfield code="a">BW 1</subfield>
  </datafield>
  <datafield ind1=" " ind2=" " tag="911">
    <subfield code="a">19970508</subfield>
  </datafield>
  <datafield ind1=" " ind2=" " tag="912">
    <subfield code="a">19970423000000.0</subfield>
  </datafield>
  <datafield ind1=" " ind2=" " tag="994">
    <subfield code="a">C0</subfield>
    <subfield code="b">PUL</subfield>
  </datafield>
  <datafield ind1=" " ind2=" " tag="999">
    <subfield code="a">1135618</subfield>
  </datafield>
  <datafield ind1="0" ind2="0" tag="852">
    <subfield code="0">1302410</subfield>
    <subfield code="b">nec</subfield>
    <subfield code="t">1</subfield>
    <subfield code="h">G93</subfield>
    <subfield code="i">.I2633 1859</subfield>
  </datafield>
  <datafield ind1=" " ind2=" " tag="959">
    <subfield code="a">2000-06-13 00:00:00 -0500</subfield>
  </datafield>
</record>
